@article{Mildenhall2020NeRF,
  title={NeRF},
  author={Ben Mildenhall and Pratul P. Srinivasan and Matthew Tancik and Jonathan T. Barron and Ravi Ramamoorthi and Ren Ng},
  journal={Communications of the ACM},
  year={2020},
  volume={65},
  pages={99 - 106},
  url={https://api.semanticscholar.org/CorpusID:213175590}
}

@inproceedings{Ballard1987ModularLI,
  title={Modular Learning in Neural Networks},
  author={Dana H. Ballard},
  booktitle={AAAI Conference on Artificial Intelligence},
  year={1987},
  url={https://api.semanticscholar.org/CorpusID:38968420}
}

@article{Zabalza2016NovelSS,
  title={Novel segmented stacked autoencoder for effective dimensionality reduction and feature extraction in hyperspectral imaging},
  author={Jaime Zabalza and Jinchang Ren and Jiangbin Zheng and Huimin Zhao and Chunmei Qing and Zhijing Yang and Peijun Du and Stephen Marshall},
  journal={Neurocomputing},
  year={2016},
  volume={185},
  pages={1-10},
  url={https://api.semanticscholar.org/CorpusID:22209205}
}

@inproceedings{Vincent2008ExtractingAC,
  title={Extracting and composing robust features with denoising autoencoders},
  author={Pascal Vincent and H. Larochelle and Yoshua Bengio and Pierre-Antoine Manzagol},
  booktitle={International Conference on Machine Learning},
  year={2008},
  url={https://api.semanticscholar.org/CorpusID:207168299}
}

@article{ranzato2006efficient,
  title={Efficient learning of sparse representations with an energy-based model},
  author={Ranzato, Marc'Aurelio and Poultney, Christopher and Chopra, Sumit and Cun, Yann},
  journal={Advances in neural information processing systems},
  volume={19},
  year={2006}
}

@article{Kingma2014SemisupervisedLW,
  title={Semi-supervised Learning with Deep Generative Models},
  author={Diederik P. Kingma and Shakir Mohamed and Danilo Jimenez Rezende and Max Welling},
  journal={ArXiv},
  year={2014},
  volume={abs/1406.5298},
  url={https://api.semanticscholar.org/CorpusID:6377199}
}

@inproceedings{masci2011stacked,
  title={Stacked convolutional auto-encoders for hierarchical feature extraction},
  author={Masci, Jonathan and Meier, Ueli and Cire{\c{s}}an, Dan and Schmidhuber, J{\"u}rgen},
  booktitle={Artificial Neural Networks and Machine Learning--ICANN 2011: 21st International Conference on Artificial Neural Networks, Espoo, Finland, June 14-17, 2011, Proceedings, Part I 21},
  pages={52--59},
  year={2011},
  organization={Springer}
}

@Article{	  carreira2022hierarchicalp,
  title		= {Hierarchical Perceiver},
  author	= {Jo{\~a}o Carreira and Skanda Koppula and Daniel Zoran and
		  Adri{\`a} Recasens and Catalin Ionescu and Olivier Henaff
		  and Evan Shelhamer and Relja Arandjelovi{\'c} and Matthew
		  M. Botvinick and Oriol Vinyals and Karen Simonyan and
		  Andrew Zisserman and Andrew Jaegle},
  journal	= {ArXiv},
  year		= {2022},
  volume	= {abs/2202.10890},
  url		= {https://api.semanticscholar.org/CorpusID:247025815}
}

@Article{	  he2015deeprl,
  title		= {Deep Residual Learning for Image Recognition},
  author	= {Kaiming He and X. Zhang and Shaoqing Ren and Jian Sun},
  journal	= {2016 IEEE Conference on Computer Vision and Pattern
		  Recognition (CVPR)},
  year		= {2015},
  pages		= {770-778},
  url		= {https://api.semanticscholar.org/CorpusID:206594692}
}

@Article{	  kerbl20233dgs,
  title		= {3D Gaussian Splatting for Real-Time Radiance Field
		  Rendering},
  author	= {Bernhard Kerbl and Georgios Kopanas and Thomas Leimkuehler
		  and George Drettakis},
  journal	= {ACM Transactions on Graphics (TOG)},
  year		= {2023},
  volume	= {42},
  pages		= {1 - 14},
  url		= {https://api.semanticscholar.org/CorpusID:259267917}
}

@InProceedings{	  krizhevsky2009learningml,
  title		= {Learning Multiple Layers of Features from Tiny Images},
  author	= {Alex Krizhevsky},
  year		= {2009},
  url		= {https://api.semanticscholar.org/CorpusID:18268744}
}

@Article{	  paszke2019pytorchai,
  title		= {PyTorch: An Imperative Style, High-Performance Deep
		  Learning Library},
  author	= {Adam Paszke and Sam Gross and Francisco Massa and Adam
		  Lerer and James Bradbury and Gregory Chanan and Trevor
		  Killeen and Zeming Lin and Natalia Gimelshein and Luca
		  Antiga and Alban Desmaison and Andreas K{\"o}pf and Edward
		  Yang and Zach DeVito and Martin Raison and Alykhan Tejani
		  and Sasank Chilamkurthy and Benoit Steiner and Lu Fang and
		  Junjie Bai and Soumith Chintala},
  journal	= {ArXiv},
  year		= {2019},
  volume	= {abs/1912.01703},
  url		= {https://api.semanticscholar.org/CorpusID:202786778}
}

@Article{	  wang2024bilateralgr,
  title		= {Bilateral Guided Radiance Field Processing},
  author	= {Yuehao Wang and Chaoyi Wang and Bingchen Gong and Tianfan
		  Xue},
  journal	= {ArXiv},
  year		= {2024},
  volume	= {abs/2406.00448},
  url		= {https://api.semanticscholar.org/CorpusID:270214450}
}

@Article{	  ye2024gsplatao,
  title		= {gsplat: An Open-Source Library for Gaussian Splatting},
  author	= {Vickie Ye and Ruilong Li and Justin Kerr and Matias
		  Turkulainen and Brent Yi and Zhuoyang Pan and Otto Seiskari
		  and Jianbo Ye and Jeffrey Hu and Matthew Tancik and Angjoo
		  Kanazawa},
  journal	= {ArXiv},
  year		= {2024},
  volume	= {abs/2409.06765},
  url		= {https://api.semanticscholar.org/CorpusID:272592898}
}
